
@book{zumbach_digitales_2021,
	address = {Stuttgart},
	edition = {1},
	title = {Digitales {Lehren} und {Lernen}},
	isbn = {978-3-17-036572-8},
	url = {https://elibrary.kohlhammer.de/book/10.17433/978-3-17-036572-8},
	language = {de},
	urldate = {2024-05-05},
	publisher = {W. Kohlhammer GmbH},
	author = {Zumbach, Jörg},
	editor = {Gold, Andreas and Rosebrock, Cornelia and Valtin, Renate and Vogel, Rose},
	month = aug,
	year = {2021},
	doi = {10.17433/978-3-17-036572-8},
}

@book{magdefrau_schulisches_2010,
	address = {Bad Heilbrunn},
	title = {Schulisches {Lehren} und {Lernen}: pädagogische {Theorie} an {Praxisbeispielen}},
	isbn = {978-3-7815-1765-3},
	shorttitle = {Schulisches {Lehren} und {Lernen}},
	language = {de},
	publisher = {Klinkhardt},
	editor = {Mägdefrau, Jutta},
	year = {2010},
}

@article{isenhardt_lehren_nodate,
	title = {Lehren und {Lernen} in den {Ingenieurwissenschaften}. innovativ - digital - international},
	language = {de},
	author = {Isenhardt, Ingrid},
	keywords = {⛔ No DOI found},
}

@book{nuissl_vom_2006,
	address = {Bielefeld},
	series = {{DIE} spezial},
	title = {Vom {Lernen} zum {Lehren}: {Lern}- und {Lehrforschung} für die {Weiterbildung}},
	isbn = {978-3-7639-1930-7},
	shorttitle = {Vom {Lernen} zum {Lehren}},
	language = {de},
	publisher = {Bertelsmann},
	editor = {Nuissl, Ekkehard},
	year = {2006},
}

@incollection{holzmeister_grundlagen_2019,
	title = {Grundlagen der {Finanzwirtschaft}},
	isbn = {978-3-11-060791-8},
	url = {https://www.degruyter.com/document/doi/10.1515/9783110607918-201/html},
	language = {de},
	urldate = {2024-03-22},
	booktitle = {Grundlagen der {Finanzwirtschaft}},
	publisher = {De Gruyter},
	collaborator = {Holzmeister, Felix and Huber, Jürgen and Schredelseker, Klaus},
	month = dec,
	year = {2019},
	doi = {10.1515/9783110607918-201},
	pages = {V--V},
}

@book{grill_wirtschaftslehre_2023,
	address = {Köln},
	edition = {57. Auflage, Stand 1. April 2023},
	title = {Wirtschaftslehre des {Kreditwesens}},
	isbn = {978-3-427-30369-5},
	language = {ger},
	publisher = {Westermann Berufliche Bildung GmbH},
	author = {Grill, Wolfgang and Perczynski, Hans},
	collaborator = {Int-Veen, Thomas and Menz, Heiko and Pastor, Dominik},
	year = {2023},
}

@book{wolfgang_grill_wirtschaftslehre_nodate,
	edition = {57},
	title = {Wirtschaftslehre des {Kreditwesens}},
	isbn = {978-3-427-30369-5},
	publisher = {Westermann},
	author = {Wolfgang Grill and Hans Perczynski},
}

@book{moews_kosten-_2002,
	address = {München Wien},
	edition = {7., überarb. und stark erw. Aufl},
	title = {Kosten- und {Leistungsrechnung}},
	isbn = {978-3-486-25953-7},
	language = {de},
	publisher = {Oldenbourg},
	author = {Moews, Dieter},
	year = {2002},
}

@book{lohmann_kosten-_2015,
	address = {Berlin München},
	edition = {3., überarb. Aufl},
	title = {Kosten- und {Leistungsrechnung}: {Arbeits}- und {Studienbuch}},
	isbn = {978-3-11-040910-9},
	shorttitle = {Kosten- und {Leistungsrechnung}},
	language = {de},
	publisher = {De Gruyter Oldenbourg},
	author = {Lohmann, Karl and Körnert, Jan},
	year = {2015},
}

@book{koch_kosten-_1997,
	address = {München},
	edition = {6., überarb. und erw. Aufl},
	title = {Kosten- und {Leistungsrechnung}},
	isbn = {978-3-486-24399-4},
	language = {de},
	publisher = {Oldenbourg},
	author = {Koch, Joachim},
	year = {1997},
}

@book{deppermann_sprache_2018,
	title = {Sprache im kommunikativen, interaktiven und kulturellen {Kontext}},
	copyright = {http://creativecommons.org/licenses/by-nc-nd/3.0},
	isbn = {978-3-11-053860-1},
	url = {https://www.degruyter.com/document/doi/10.1515/9783110538601/html},
	language = {de},
	urldate = {2024-04-25},
	publisher = {De Gruyter},
	editor = {Deppermann, Arnulf and Reineke, Silke},
	month = jul,
	year = {2018},
	doi = {10.1515/9783110538601},
}

@article{carnegie_wie_nodate,
	title = {Wie man {Freunde} gewinnt},
	language = {de},
	author = {Carnegie, Dale},
}

@book{schulenburg_exzellent_2018,
	address = {Wiesbaden},
	title = {Exzellent präsentieren},
	copyright = {http://www.springer.com/tdm},
	isbn = {978-3-658-12302-4 978-3-658-12303-1},
	url = {http://link.springer.com/10.1007/978-3-658-12303-1},
	language = {de},
	urldate = {2024-04-25},
	publisher = {Springer Fachmedien Wiesbaden},
	author = {Schulenburg, Nils},
	year = {2018},
	doi = {10.1007/978-3-658-12303-1},
}

@book{jager_grundwissen_2021,
	address = {München},
	edition = {4., überarbeitete und erweiterte Auflage},
	series = {utb {Tourismus}, {Wirtschafts}- und {Kommunikationswissenschaften}},
	title = {Grundwissen {Eventmanagement}},
	isbn = {978-3-8252-5681-4},
	abstract = {Ein Must-have für (angehende) Eventmanager:innen - neu mit Kapitel zum agilen Projektmanagement. Kongresse, Festivals oder sportliche Grossveranstaltungen planen und organisieren IBM das ist für viele ein Traumberuf. Hinter diesen Events steckt eine hochprofessionelle Branche. Dieter Jäger verrät Studierenden und Quereinsteiger:innen alles Wissenswerte über Geschichte, Akteure, Organisation und (hybride) Eventformate. Zudem vermittelt er griffig die Eventplanung, -umsetzung und -evaluierung. Die Neuauflage geht zudem auf agiles Projektmanagement ein und vertieft die Themen Corporate Social Responsibility, Nachhaltigkeit und Green Events. Das Buch ist geeignet für Praktiker:innen, Quereinsteiger:innen und Studierende des Eventmanagements, der Kommunikationswissenschaften und des Marketings. (Verlagstext)},
	language = {de},
	number = {4321},
	publisher = {UVK Verlag},
	author = {Jäger, Dieter},
	year = {2021},
}

@book{busse_grundlagen_2003,
	address = {München Wien},
	edition = {5., völlig überarb. und wesentlich erw. Aufl},
	series = {Managementwissen für {Studium} und {Praxis}},
	title = {Grundlagen der betrieblichen {Finanzwirtschaft}},
	isbn = {978-3-486-25406-8},
	language = {de},
	publisher = {Oldenbourg},
	author = {Busse, Franz-Joseph},
	year = {2003},
}

@book{lehn_rhetorik_2011,
	address = {Konstanz},
	title = {Rhetorik der {Werbung} {Grundzüge} einer rhetorischen {Werbetheorie}},
	isbn = {978-3-86764-305-4},
	abstract = {Werbung ist eine rhetorische Praxis. Sie wird nach Verfahren der klassischen Redelehre gestaltet und erzielt ihre Wirkung durch rhetorische Instrumente, die nicht nur bei der Formulierung von Werbetexten, sondern auch in der strategischen Konzeption, beim Layout und im (non- )verbalen Werbestil sowie bei der medialen Präsentation von Werbebotschaften zum Einsatz kommen. Die Studie identifiziert erstmals den umfassenden operativen Zusammenhang von moderner Werbung und klassischer Rhetorik. Sie formuliert Kategorien einer rhetorischen Werbetheorie und entwickelt anhand rhetorischer Traditionen eine Systematik, die ebenso zur Analyse von Werbewirkungsmustern dient, wie sie der Werbepraxis einen gezielten und situationsbezogenen Einsatz strategischer Mittel erlaubt. Die Autorin hat mit der vorliegenden Arbeit an der Universität Tübingen promoviert. 70 in der Studie analysierte Anzeigen befinden sich auf der Website www.uvk.de},
	language = {de},
	publisher = {UVK Verlagsgesellschaft},
	author = {Lehn, Isabelle},
	year = {2011},
	note = {OCLC: 897715790},
}

@article{kursisa_aneignung_2012,
	title = {Aneignung wissenschaftlicher {Arbeits}- und {Präsentationstechniken}},
	language = {de},
	author = {Kursiša, Anta},
	year = {2012},
	keywords = {⛔ No DOI found},
}

@article{li_is_2020,
	title = {Is a {Picture} {Worth} a {Thousand} {Words}? {An} {Empirical} {Study} of {Image} {Content} and {Social} {Media} {Engagement}},
	volume = {57},
	issn = {0022-2437, 1547-7193},
	shorttitle = {Is a {Picture} {Worth} a {Thousand} {Words}?},
	url = {http://journals.sagepub.com/doi/10.1177/0022243719881113},
	doi = {10.1177/0022243719881113},
	abstract = {Are social media posts with pictures more popular than those without? Why do pictures with certain characteristics induce higher engagement than some other pictures? Using data sets of social media posts about major airlines and sport utility vehicle brands collected from Twitter and Instagram, the authors empirically examine the influence of image content on social media engagement. After accounting for selection bias on the inclusion of image content, the authors find a significant and robust positive mere presence effect of image content on user engagement in both product categories on Twitter. They also find that high-quality and professionally shot pictures consistently lead to higher engagement on both platforms for both product categories. However, the effect of colorfulness varies by product category, while the presence of human face and image–text fit can induce higher user engagement on Twitter but not on Instagram. These findings shed light on how to improve social media engagement using image content.},
	language = {en},
	number = {1},
	urldate = {2024-01-16},
	journal = {Journal of Marketing Research},
	author = {Li, Yiyi and Xie, Ying},
	month = feb,
	year = {2020},
	pages = {1--19},
}

@article{brooks_no_1986,
	title = {No {Silver} {Bullet} – {Essence} and {Accident} in {Software} {Engineering}},
	language = {en},
	author = {Brooks, Frederick},
	year = {1986},
}

@misc{noauthor_notitle_nodate,
}

@book{wohe_grundzuge_2015,
	title = {Grundzüge der {Buchführung} und {Bilanztechnik}},
	isbn = {978-3-8006-5048-4},
	url = {http://elibrary.vahlen.de/index.php?doi=10.15358/9783800650484},
	language = {de},
	urldate = {2023-12-06},
	publisher = {Vahlen},
	author = {Wöhe, Günter and Kußmaul, Heinz},
	year = {2015},
	doi = {10.15358/9783800650484},
}

@article{seitz_kurze_nodate,
	title = {Eine kurze {Einführung} in {LaTeX}},
	language = {de},
	author = {Seitz, Jochen},
	keywords = {⛔ No DOI found},
}

@article{hahner_wissenschaftliches_nodate,
	title = {Wissenschaftliches {Schreiben} – {Schnelleinstieg}},
	language = {de},
	author = {Hahner, Sebastian},
	keywords = {⛔ No DOI found},
}

@article{mammitzsch_grundlagen_nodate,
	title = {Grundlagen der {BWL} und {VWL}},
	language = {de},
	author = {Mammitzsch, Dr Doreen},
	keywords = {⛔ No DOI found},
}

@book{meffert_marketing_2019,
	address = {Wiesbaden},
	title = {Marketing: {Grundlagen} marktorientierter {Unternehmensführung} {Konzepte} – {Instrumente} – {Praxisbeispiele}},
	isbn = {978-3-658-21195-0 978-3-658-21196-7},
	shorttitle = {Marketing},
	url = {http://link.springer.com/10.1007/978-3-658-21196-7},
	language = {de},
	urldate = {2023-12-02},
	publisher = {Springer Fachmedien Wiesbaden},
	author = {Meffert, Heribert and Burmann, Christoph and Kirchgeorg, Manfred and Eisenbeiß, Maik},
	year = {2019},
	doi = {10.1007/978-3-658-21196-7},
	keywords = {BWL, Marketing},
}

@book{fuhrich_wirtschaftsprivatrecht_2022,
	title = {Wirtschaftsprivatrecht: {Bürgerliches} {Recht}, {Handelsrecht}, {Gesellschaftsrecht}},
	isbn = {978-3-8006-6793-2},
	shorttitle = {Wirtschaftsprivatrecht},
	url = {https://www.beck-elibrary.de/index.php?doi=10.15358/9783800667932},
	language = {de},
	urldate = {2023-12-02},
	publisher = {Verlag Franz Vahlen GmbH},
	author = {Führich, Ernst},
	year = {2022},
	doi = {10.15358/9783800667932},
	keywords = {BWL, Recht, Wirtschaftsrecht},
}

@book{fuhrich_wirtschaftsprivatrecht_2017,
	title = {Wirtschaftsprivatrecht in {Fällen} und {Fragen}: Übungsfälle und {Wiederholungsfragen} zur {Vertiefung} des {Wirtschaftsprivatrechts}},
	isbn = {978-3-8006-5392-8},
	shorttitle = {Wirtschaftsprivatrecht in {Fällen} und {Fragen}},
	url = {http://elibrary.vahlen.de/index.php?doi=10.15358/9783800653928},
	language = {de},
	urldate = {2023-12-02},
	publisher = {Verlag Franz Vahlen GmbH},
	author = {Führich, Ernst and Werdan, Ingrid},
	year = {2017},
	doi = {10.15358/9783800653928},
	keywords = {BWL, Recht, Wirtschaftsrecht},
}

@book{homburg_marketingmanagement_2020,
	address = {Wiesbaden},
	title = {Marketingmanagement: {Strategie} - {Instrumente} - {Umsetzung} - {Unternehmensführung}},
	isbn = {978-3-658-29635-3 978-3-658-29636-0},
	shorttitle = {Marketingmanagement},
	url = {http://link.springer.com/10.1007/978-3-658-29636-0},
	language = {de},
	urldate = {2023-12-02},
	publisher = {Springer Fachmedien Wiesbaden},
	author = {Homburg, Christian},
	year = {2020},
	doi = {10.1007/978-3-658-29636-0},
	keywords = {BWL, Marketing},
}

@book{bruhn_marketing_2022,
	address = {Wiesbaden},
	title = {Marketing: {Grundlagen} für {Studium} und {Praxis}},
	isbn = {978-3-658-36297-3 978-3-658-36298-0},
	shorttitle = {Marketing},
	url = {https://link.springer.com/10.1007/978-3-658-36298-0},
	language = {de},
	urldate = {2023-12-02},
	publisher = {Springer Fachmedien Wiesbaden},
	author = {Bruhn, Manfred},
	year = {2022},
	doi = {10.1007/978-3-658-36298-0},
	keywords = {BWL, Marketing},
}

@book{olbrich_marketing_2022,
	address = {Berlin, Heidelberg},
	title = {Marketing: {Eine} {Einführung} in die marktorientierte {Unternehmensführung}},
	isbn = {978-3-662-64944-2 978-3-662-64945-9},
	shorttitle = {Marketing},
	url = {https://link.springer.com/10.1007/978-3-662-64945-9},
	language = {de},
	urldate = {2023-12-02},
	publisher = {Springer Berlin Heidelberg},
	author = {Olbrich, Rainer},
	year = {2022},
	doi = {10.1007/978-3-662-64945-9},
	keywords = {BWL, Marketing},
}

@book{bitz_ubungen_2014,
	title = {Übungen in {Betriebswirtschaftslehre}},
	isbn = {978-3-8006-4780-4},
	url = {http://elibrary.vahlen.de/index.php?doi=10.15358/9783800647804},
	language = {de},
	urldate = {2023-11-27},
	publisher = {Vahlen},
	author = {Bitz, Michael and Ewert, Jürgen},
	year = {2014},
	doi = {10.15358/9783800647804},
	keywords = {BWL, Übungen},
}

@book{thommen_allgemeine_2023,
	address = {Wiesbaden},
	title = {Allgemeine {Betriebswirtschaftslehre}: {Umfassende} {Einführung} aus managementorientierter {Sicht}},
	isbn = {978-3-658-39394-6 978-3-658-39395-3},
	shorttitle = {Allgemeine {Betriebswirtschaftslehre}},
	url = {https://link.springer.com/10.1007/978-3-658-39395-3},
	language = {de},
	urldate = {2023-11-27},
	publisher = {Springer Fachmedien Wiesbaden},
	author = {Thommen, Jean-Paul and Achleitner, Ann-Kristin and Gilbert, Dirk Ulrich and Hachmeister, Dirk and Jarchow, Svenja and Kaiser, Gernot},
	year = {2023},
	doi = {10.1007/978-3-658-39395-3},
	keywords = {BWL},
}

@book{rossmanith_buchfuhrung_2022,
	title = {Buchführung: {Grundlagen}, {Gesellschaftsformen} und {Umsatzsteuer}},
	isbn = {978-3-7910-5531-2},
	shorttitle = {Buchführung},
	url = {https://www.beck-elibrary.de/index.php?doi=10.34156/9783791055312},
	language = {de},
	urldate = {2023-12-02},
	publisher = {Schäffer-Poeschel},
	author = {Rossmanith, Jonas},
	year = {2022},
	doi = {10.34156/9783791055312},
	keywords = {BWL, Buchführung, Rechnungswesen},
}
