@misc{aktg1965,
  title = {Aktiengesetz [AktG]},
  acronym = {AktG},
  date = {1965-09-06/2013-07-23},
  journaltitle = {BGBl},
  volume = {I},
  pages = {1089-1184},
  note = {zuletzt ge√§ndert durch Gesetz vom 23.7.2013, BGBl. I 2013, S. 2586}
}