@book{smith2018,
  title = {Introduction to Data Science},
  author = {John Smith},
  year = {2018},
  publisher = {Tech Press},
  address = {San Francisco},
  edition = {2nd},
  isbn = {978-1-234-56789-0},
  url = {https://example.com/smith2018},
  note = {Accessed: 2024-05-28}
}

@book{johnson2020,
  title = {Advanced Algorithms},
  author = {Emily Johnson and Michael Brown},
  year = {2020},
  publisher = {Algorithmic Publishing},
  address = {New York},
  edition = {1st},
  isbn = {978-0-987-65432-1},
  url = {https://example.com/johnson2020},
  note = {Accessed: 2024-05-28}
}
